@article{jaaksi2002developing,
  title={Developing mobile browsers in a product line},
  author={Jaaksi, Ari},
  journal={IEEE software},
  volume={19},
  number={4},
  pages={73--80},
  year={2002},
  publisher={IEEE}
}

@article{davies2014model,
  title={Model-driven engineering of information systems: 10 years and 1000 versions},
  author={Davies, Jim and Gibbons, Jeremy and Welch, James and Crichton, Edward},
  journal={Science of Computer Programming},
  volume={89},
  pages={88--104},
  year={2014},
  publisher={Elsevier}
}

@article{mohagheghi2013empirical,
  title={An empirical study of the state of the practice and acceptance of model-driven engineering in four industrial cases},
  author={Mohagheghi, Parastoo and Gilani, Wasif and Stefanescu, Alin and Fernandez, Miguel A},
  journal={Empirical Software Engineering},
  pages={1--28},
  year={2013},
  publisher={Springer}
}

@inproceedings{liebel2014assessing,
  title={Assessing the state-of-practice of model-based engineering in the embedded systems domain},
  author={Liebel, Grischa and Marko, Nadja and Tichy, Matthias and Leitner, Andrea and Hansson, J{\"o}rgen},
  booktitle={International Conference on Model Driven Engineering Languages and Systems},
  pages={166--182},
  year={2014},
  organization={Springer}
}

@inproceedings{hutchinson2011empirical,
  title={Empirical assessment of MDE in industry},
  author={Hutchinson, John and Whittle, Jon and Rouncefield, Mark and Kristoffersen, Steinar},
  booktitle={Software Engineering (ICSE), 2011 33rd International Conference on},
  pages={471--480},
  year={2011},
  organization={IEEE}
}

@article{selic2003pragmatics,
  title={The pragmatics of model-driven development},
  author={Selic, Bran},
  journal={IEEE software},
  volume={20},
  number={5},
  pages={19--25},
  year={2003},
  publisher={IEEE}
}

@article{egyed2011automatically,
  title={Automatically detecting and tracking inconsistencies in software design models},
  author={Egyed, Alexander},
  journal={IEEE Transactions on Software Engineering},
  volume={37},
  number={2},
  pages={188--204},
  year={2011},
  publisher={IEEE}
}

@article{jouault2010towards,
  title={Towards Incremental Execution of ATL Transformations.},
  author={Jouault, Fr{\'e}d{\'e}ric and Tisi, Massimo},
  journal={ICMT},
  volume={10},
  pages={123--137},
  year={2010},
  publisher={Springer}
}

@inproceedings{ogunyomi2015property,
  title={Property access traces for source incremental model-to-text transformation},
  author={Ogunyomi, Babajide and Rose, Louis M and Kolovos, Dimitrios S},
  booktitle={European Conference on Modelling Foundations and Applications},
  pages={187--202},
  year={2015},
  organization={Springer}
}

@article{rath2012derived,
  title={Derived features for EMF by integrating advanced model queries},
  author={R{\'a}th, Istv{\'a}n and Heged{\"u}s, {\'A}bel and Varr{\'o}, D{\'a}niel},
  journal={Modelling Foundations and Applications},
  pages={102--117},
  year={2012},
  publisher={Springer}
}

@article{kolovos2017eugenia,
  title={Eugenia: towards disciplined and automated development of GMF-based graphical model editors.},
  author={Kolovos, Dimitrios S and Garc{\'\i}a-Dom{\'\i}nguez, Antonio and Rose, Louis M and Paige, Richard F},
  journal={Software and System Modeling},
  volume={16},
  number={1},
  pages={229--255},
  year={2017}
}

@article{kolovos2006epsilon,
  title={The epsilon object language (EOL)},
  author={Kolovos, Dimitrios S and Paige, Richard F and Polack, Fiona},
  journal={ECMDA-FA},
  volume={6},
  pages={128--142},
  year={2006},
  publisher={Springer}
}

@article{kelter2005generic,
  title={A Generic Difference Algorithm for UML Models.},
  author={Kelter, Udo and Wehren, J{\"u}rgen and Niere, J{\"o}rg},
  journal={Software Engineering},
  volume={64},
  number={105-116},
  pages={4--9},
  year={2005}
}

@inproceedings{yohannis2017turning,
  title={Turning Models Inside Out},
  author={Yohannis, Alfa and Polack, Fiona and Kolovos, Dimitris},
  booktitle={FlexMDE @MoDELS},
  year={2017}
}